@article{anasenes2025brrt,
  author = {Anasenes, Branden},
  title = {Branching Repository Reality Theory: A Quantum-Inspired Model of Consciousness and Reality Selection},
  journal = {Zenodo Preprint},
  year = {2025},
  doi = {10.5281/zenodo.14996855}
}

@article{schrodinger1935present,
  author = {Schrödinger, Erwin},
  title = {The Present Situation in Quantum Mechanics},
  journal = {Die Naturwissenschaften},
  volume = {23},
  pages = {807--812},
  year = {1935},
  doi = {10.1007/BF01491891}
}

@article{fisher2015quantum,
  author = {Fisher, Matthew P. A.},
  title = {Quantum cognition: The possibility of processing with nuclear spins in the brain},
  journal = {Proceedings of the National Academy of Sciences},
  volume = {112},
  number = {40},
  pages = {11891--11898},
  year = {2015},
  doi = {10.1073/pnas.1506346112}
}

@article{carhart2012neural,
  author = {Carhart-Harris, Robin L. and others},
  title = {Neural correlates of the psychedelic state as determined by fMRI studies with psilocybin},
  journal = {Proceedings of the National Academy of Sciences},
  volume = {109},
  number = {6},
  pages = {2138--2143},
  year = {2012},
  doi = {10.1073/pnas.1119598109}
}

@article{everett1957relative,
  author = {Everett, Hugh III},
  title = {Relative State Formulation of Quantum Mechanics},
  journal = {Reviews of Modern Physics},
  volume = {29},
  number = {3},
  pages = {454--462},
  year = {1957},
  doi = {10.1103/RevModPhys.29.454}
}

@article{psychedelic2020research,
  author = {Nutt, David and Carhart-Harris, Robin},
  title = {Psychedelic neuroscience: Research and therapeutic potential},
  journal = {Nature Reviews Neuroscience},
  volume = {21},
  pages = {611--624},
  year = {2020},
  doi = {10.1038/s41583-020-0360-2}
}

@article{tegmark2015consciousness,
  author = {Tegmark, Max},
  title = {Consciousness as a State of Matter},
  journal = {Chaos, Solitons & Fractals},
  volume = {76},
  pages = {238--270},
  year = {2015},
  doi = {10.1016/j.chaos.2015.03.014}
}

@article{hameroff2014consciousness,
  author = {Hameroff, Stuart and Penrose, Roger},
  title = {Orchestrated Objective Reduction of Quantum States in Brain Microtubules: A Model for Consciousness},
  journal = {Frontiers in Integrative Neuroscience},
  volume = {8},
  pages = {42},
  year = {2014},
  doi = {10.3389/fnint.2014.00042}
}

@article{lloyd2013quantum,
  author = {Lloyd, Seth},
  title = {Quantum coherence in biological systems},
  journal = {Journal of Physics: Conference Series},
  volume = {302},
  pages = {012037},
  year = {2013},
  doi = {10.1088/1742-6596/302/1/012037}
}

@article{deutsch1985quantum,
  author = {Deutsch, David},
  title = {Quantum Theory, the Church-Turing Principle and the Universal Quantum Computer},
  journal = {Proceedings of the Royal Society A},
  volume = {400},
  number = {1818},
  pages = {97--117},
  year = {1985},
  doi = {10.1098/rspa.1985.0070}
}

@article{aaronson2013quantum,
  author = {Aaronson, Scott},
  title = {Quantum Computing and the Limits of the Efficiently Computable},
  journal = {Scientific American},
  volume = {308},
  pages = {62--69},
  year = {2013},
  doi = {10.1038/scientificamerican0613-62}
}

@book{schrodinger1944life,
  author = {Schrödinger, Erwin},
  title = {What is Life? The Physical Aspect of the Living Cell},
  publisher = {Cambridge University Press},
  year = {1944},
  url = {https://doi.org/10.1017/CBO9781139644167}
}

@article{landauer1961irreversibility,
  author = {Landauer, Rolf},
  title = {Irreversibility and Heat Generation in the Computing Process},
  journal = {IBM Journal of Research and Development},
  volume = {5},
  number = {3},
  pages = {183--191},
  year = {1961},
  doi = {10.1147/rd.53.0183}
}

@article{amin2018quantum,
  author = {Amin, Mohammad H. and Andriyash, Evgeny},
  title = {Quantum Boltzmann Machines: An Architecture for Stochastic Learning and Optimization},
  journal = {Physical Review A},
  volume = {98},
  number = {3},
  pages = {032324},
  year = {2018},
  doi = {10.1103/PhysRevA.98.032324}
}
